@book{clrs,
author = {Thomas Cormen and Charles Leiserson and Ronald Rivest and Clifford Stein},
title = {Introduction to Algorithms},
publisher = {Cambridge: MIT Press},
year = {2009}
}
